@inproceedings{yamato92hmm,
    author    = {Yamato, J. and Ohya, J. and Ishii, K.},
    title     = {Recognizing human action in time-sequential images
                    using hidden {M}arkov model},
    booktitle = {{I}nternational {C}onference on {C}omputer {V}ision
                    and {P}attern {R}ecognition ({C}{V}{P}{R})},
    year      = {1992},
    pages     = {379--385}
}

@article{prati03shadow,
    author  = {Prati, A. and Mikic, I. and Trivedi, M.M. and Cucchiara, R.},
    journal = {IEEE Transactions on Pattern Analysis and Machine
                Intelligence (PAMI)}, 
    title   = {Detecting moving shadows: algorithms and evaluation},
    year    = {2003},
    volume  = {25},
    number  = {7},
    pages   = {918--923},
    url     = {http://cvrr.ucsd.edu/aton/shadow/},
}

@article{faa,
title={{FAA} {A}erospace {F}orecast: Fiscal {Y}ears 2017--2037},
author={Schaufele, R and Ding, L and Miller, Nick and Barlett, H and Lukacs, Michael and Bhadra, D},
year={2017}
}

@article{itkin2016development,
  title={Development of Cloud-Based UAV Monitoring and Management System},
  author={Itkin, Mason and Kim, Mihui and Park, Younghee},
  journal={Sensors},
  volume={16},
  number={11},
  pages={1913},
  year={2016},
  publisher={Multidisciplinary Digital Publishing Institute}
}

@misc{burdoin1996airborne,
  title={Airborne drone formation control system},
  author={Burdoin, Robert B and Moolenijzer, Nicolaas J and Strohacker, Fred M},
  year={1996},
  month=may # "~28",
  publisher={Google Patents},
  note={US Patent 5,521,817}
}

@INPROCEEDINGS{dietrich2016towards,
    author={T. Dietrich and O. Andryeyev and A. Zimmermann and A. Mitschele-Thiel},
    booktitle={2016 {I}nternational {C}onference on {A}utonomous {R}obot {S}ystems and {C}ompetitions ({ICARSC})},
    title={Towards a {U}nified {D}ecentralized {S}warm {M}anagement and {M}aintenance {C}oordination Based on {MAVLink}},
    year={2016},
    volume={},
    number={},
    pages={124-129},
    keywords={autonomous aerial vehicles;microrobots;mobile robots;unified decentralized swarm management;maintenance coordination;MAVLink;microaerial vehicles;ground entity control;microair vehicle message library;Maintenance engineering;Libraries;Sensors;Vehicles;Reconnaissance;Robot kinematics},
    doi={10.1109/ICARSC.2016.64},
    ISSN={},
    month={May},
}

@article{butcher2013securing,
  title={Securing the mavlink communication protocol for unmanned aircraft systems},
  author={Butcher, Neil and Stewart, Angela and Biaz, Saad},
  journal={Technical Report #CSSE14-02, Appalachian State University, Auburn University, USA},
  year={2013}
}

@article{chao2010autopilots,
  title={Autopilots for small unmanned aerial vehicles: a survey},
  author={Chao, HaiYang and Cao, YongCan and Chen, YangQuan},
  journal={International Journal of Control, Automation and Systems},
  volume={8},
  number={1},
  pages={36--44},
  year={2010},
  publisher={Springer}
}

@article{meier2013mavlink,
  title={Mavlink: Micro air vehicle communication protocol},
  author={Meier, Lorenz and Camacho, J and Godbolt, B and Goppert, J and Heng, L and Lizarraga, M and others},
  journal={[Online]. Available: https://mavlink.io/en/.[Retrieved 2018-010-24]},
  year={2018}
}

@article{meier2012pixhawk,
  title={PIXHAWK: A micro aerial vehicle design for autonomous flight using onboard computer vision},
  author={Meier, Lorenz and Tanskanen, Petri and Heng, Lionel and Lee, Gim Hee and Fraundorfer, Friedrich and Pollefeys, Marc},
  journal={Autonomous Robots},
  volume={33},
  number={1-2},
  pages={21--39},
  year={2012},
  publisher={Springer}
}

@misc{rath2007ground,
  title={Ground {C}ontrol {S}tation for {UAV}},
  author={Rath, Manaswini and Shekarappa, Nandeesha and Ramachandra, Venkatesh},
  year={2007},
  month=oct # "~18",
  publisher={Google Patents},
  note={US Patent App. 11/403,472}
}

@book{cn,
  title = {Computer {N}etworking:{A} {T}op-{D}own {A}pproach},
  subtitle = {A Top-Down Approach},
  author = {Kurose, J. and Ross, K.},
  year = {2000},
  publisher = {Pearson},
}

% Raspberry Pi
@article{maksimovic2014raspberry,
  title={Raspberry Pi as Internet of things hardware: performances and constraints},
  author={Maksimovi{\'c}, Mirjana and Vujovi{\'c}, Vladimir and Davidovi{\'c}, Nikola and Milo{\v{s}}evi{\'c}, Vladimir and Peri{\v{s}}i{\'c}, Branko},
  journal={design issues},
  volume={3},
  pages={8},
  year={2014},
  keywords={pi}
}

% benchmark iot
@INPROCEEDINGS{benchmark, 
    author={C. P. Kruger and G. P. Hancke}, 
    booktitle={2014 12th IEEE International Conference on Industrial Informatics (INDIN)}, 
    title={Benchmarking Internet of things devices}, 
    year={2014}, 
    volume={}, 
    number={}, 
    pages={611-616}, 
    keywords={benchmark testing;computer architecture;Internet of Things;internetworking;software libraries;telecommunication equipment testing;Unix;wireless sensor networks;Internet of Things devices;commercial off-the-shelf components;IOT solutions;Raspberry Pi;BeagleBone Black;black box devices;devices performance;system architecture;software components;communication channels;microbenchmarking methods;macrobenchmarking methods;hardware architectures;lmbench;UNIX devices;CoAP benchmarking utility;libCoAP library;platform processor;CoAP server performance;CoAP requests;wireless sensor networks;IOT gateway device;Logic gates;Performance evaluation;Wireless sensor networks;Linux;Graphical user interfaces;Computer architecture;Software;Internet of Things;Wireless Sensor Networks;Commercial off-the-shelf;Benchmarking;CoAP}, 
    doi={10.1109/INDIN.2014.6945583}, 
    ISSN={1935-4576}, 
    month={July},
    keywords={pi}
}

% cloud
@inproceedings{tso2013glasgow,
  title={The glasgow raspberry pi cloud: A scale model for cloud computing infrastructures},
  author={Tso, Fung Po and White, David R and Jouet, Simon and Singer, Jeremy and Pezaros, Dimitrios P},
  booktitle={Distributed Computing Systems Workshops (ICDCSW), 2013 IEEE 33rd International Conference on},
  pages={108--112},
  year={2013},
  organization={IEEE},
  keywords={pi}
}

@inproceedings{abrahamsson2013affordable,
  title={Affordable and energy-efficient cloud computing clusters: The bolzano raspberry pi cloud cluster experiment},
  author={Abrahamsson, Pekka and Helmer, Sven and Phaphoom, Nattakarn and Nicolodi, Lorenzo and Preda, Nick and Miori, Lorenzo and Angriman, Matteo and Rikkila, Juha and Wang, Xiaofeng and Hamily, Karim and others},
  booktitle={Cloud Computing Technology and Science (CloudCom), 2013 IEEE 5th International Conference on},
  volume={2},
  pages={170--175},
  year={2013},
  organization={IEEE},
  keywords={pi}
}

@article{perez2013ground,
  title={A ground control station for a multi-UAV surveillance system},
  author={Perez, Daniel and Maza, Ivan and Caballero, Fernando and Scarlatti, David and Casado, Enrique and Ollero, Anibal},
  journal={Journal of Intelligent \& Robotic Systems},
  volume={69},
  number={1-4},
  pages={119--130},
  year={2013},
  publisher={Springer}
}

@article{will2019,
  title={Web {A}pplication for {D}rone {P}ackage {D}elivery},
  author={Wai Yan Aung},
  journal={Capstone Project Report, Asian Institute of Technology, Thailand},
  year={2019}
}

@article{zin2019},
  title={Web {A}pplication for {D}rone {P}ackage {D}elivery},
  author={Zin Min Oo},
  journal={Capstone Project Report, Asian Institute of Technology, Thailand},
  year={2019}
}